@book{powersturk1989,
  author    = "David M. W. Powers and Christopher Turk",
  title     = "Machine Learning of Natural Language",
  year      = "1989",
  publisher = "Springer-Verlag"
}

@book{jacksonmoulinier2007,
  author    = "Peter Jackson and Isabelle Moulinier",
  title     = "Natural Language Processing for Online Applications: Text retrieval,
extraction and categorization",
  year      = "2007",
  publisher = "John Benjamins Publishing Company"
}

@book{manningschutze1999,
  author    = "Christopher D. Manning and Hinrich Schütze", 
  title     = "Foundations of Statistical Natural Language Processing",
  year      = "1999",
  publisher = "MIT Press"
}
@inproceedings{Pang:2002:TUS:1118693.1118704,
 author = {Pang, Bo and Lee, Lillian and Vaithyanathan, Shivakumar},
 title = {Thumbs Up?: Sentiment Classification Using Machine Learning Techniques},
 booktitle = {Proceedings of the ACL-02 Conference on Empirical Methods in Natural Language Processing - Volume 10},
 series = {EMNLP '02},
 year = {2002},
 pages = {79--86},
 numpages = {8},
 url = {https://doi.org/10.3115/1118693.1118704},
 doi = {10.3115/1118693.1118704},
 acmid = {1118704},
 publisher = {Association for Computational Linguistics},
 address = {Stroudsburg, PA, USA},
} 
@article{domingos97naivebayes,
  added-at = {2009-07-24T18:17:24.000+0200},
  author = {Domingos, Pedro and Pazzani, Michael J.},
  biburl = {http://www.bibsonomy.org/bibtex/2b5e354bc45af3b7f03f5de97582226bd/zeno},
  interhash = {65972dc1c60cac7c1115b04ea5bface4},
  intrahash = {b5e354bc45af3b7f03f5de97582226bd},
  journal = {Machine Learning},
  keywords = {1997 classification loss machine-learning naive-bayes},
  number = {2-3},
  pages = {103--130},
  timestamp = {2009-07-24T18:17:24.000+0200},
  title = {On the Optimality of the Simple Bayesian Classifier under Zero-One Loss},
  url = {http://citeseer.ist.psu.edu/domingos97optimality.html},
  volume = 29,
  year = 1997
}
@inproceedings{conf/icwsm/HuttoG14,
  added-at = {2015-05-25T00:00:00.000+0200},
  author = {Hutto, Clayton J. and Gilbert, Eric},
  biburl = {https://www.bibsonomy.org/bibtex/253a5741ab827539d4bc4bf836fa6dae7/dblp},
  booktitle = {ICWSM},
  crossref = {conf/icwsm/2014},
  editor = {Adar, Eytan and Resnick, Paul and Choudhury, Munmun De and Hogan, Bernie and Oh, Alice H.},
  ee = {http://www.aaai.org/ocs/index.php/ICWSM/ICWSM14/paper/view/8109},
  interhash = {e73f21d7ff21014b85f5c7b48f335a11},
  intrahash = {53a5741ab827539d4bc4bf836fa6dae7},
  isbn = {978-1-57735-659-2},
  keywords = {dblp},
  publisher = {The AAAI Press},
  timestamp = {2016-05-10T11:39:40.000+0200},
  title = {VADER: A Parsimonious Rule-Based Model for Sentiment Analysis of Social Media Text.},
  url = {http://dblp.uni-trier.de/db/conf/icwsm/icwsm2014.html#HuttoG14},
  year = 2014
}
@book{BirdKleinLoper09,
  abstract = {This book offers a highly accessible introduction to Natural Language Processing, the field that underpins a variety of language technologies ranging from predictive text and email filtering to automatic summarization and translation. Using NLTK, you'll learn how to write Python programs to analyze the structure and meaning of texts, drawing on techniques from the fields of linguistics and artificial intelligence.},
  added-at = {2016-12-06T16:29:36.000+0100},
  address = {Beijing},
  author = {Bird, Steven and Klein, Ewan and Loper, Edward},
  biburl = {https://www.bibsonomy.org/bibtex/2c90dc59441d01c8bef58a947274164d4/flint63},
  doi = {http://my.safaribooksonline.com/9780596516499},
  file = {O'Reilly eBook:2009/BirdKleinLoper09.pdf:PDF;O'Reilly Product page:http\://shop.oreilly.com/product/9780596516499.do:URL;Related Web Site:http\://www.nltk.org/:URL},
  groups = {public},
  interhash = {5408d7da097b9cd81239c238da8bfaf4},
  intrahash = {c90dc59441d01c8bef58a947274164d4},
  isbn = {978-0-596-51649-9},
  keywords = {01624 103 safari book ai software development language processing text python framework},
  publisher = {O'Reilly},
  timestamp = {2016-12-06T16:29:36.000+0100},
  title = {Natural Language Processing with Python: Analyzing Text with the Natural Language Toolkit},
  url = {http://www.nltk.org/book},
  username = {flint63},
  year = 2009
}

@article{shannon48,
  added-at = {2014-12-07T16:22:02.000+0100},
  author = {Shannon, C. E and Weaver, W.},
  biburl = {https://www.bibsonomy.org/bibtex/22271fd5707cbd58e7973a6851e8684b3/prlz77},
  interhash = {99ce2edb693f10e533afb85b984280b9},
  intrahash = {2271fd5707cbd58e7973a6851e8684b3},
  journal = {The Bell System Technical Journal},
  keywords = {communication entropy information mathematical mutual theory},
  month = {July, October},
  pages = {379-423,623-656},
  timestamp = {2014-12-07T16:22:02.000+0100},
  title = {A Mathematical Theory of Communication},
  volume = 27,
  year = 1948
}
@article{Shannon:2001:MTC:584091.584093,
 author = {Shannon, C. E.},
 title = {A Mathematical Theory of Communication},
 journal = {SIGMOBILE Mob. Comput. Commun. Rev.},
 issue_date = {January 2001},
 volume = {5},
 number = {1},
 month = jan,
 year = {2001},
 issn = {1559-1662},
 pages = {3--55},
 numpages = {53},
 url = {http://doi.acm.org/10.1145/584091.584093},
 doi = {10.1145/584091.584093},
 acmid = {584093},
 publisher = {ACM},
 address = {New York, NY, USA},
} 

@inproceedings{rish2001empirical,
  added-at = {2015-12-06T18:18:48.000+0100},
  author = {Rish, Irina},
  biburl = {http://www.bibsonomy.org/bibtex/2c6150221dd474c526ce4d1ca1452d036/sb1989},
  booktitle = {IJCAI 2001 workshop on empirical methods in artificial intelligence},
  description = {Erklärung von Naive Bayes},
  interhash = {f85f8955e771884344cfadc7a01ec498},
  intrahash = {c6150221dd474c526ce4d1ca1452d036},
  keywords = {final thema:llda},
  number = 22,
  organization = {IBM New York},
  pages = {41--46},
  timestamp = {2015-12-06T18:18:48.000+0100},
  title = {An empirical study of the naive Bayes classifier},
  volume = 3,
  year = 2001
}


@misc{history,
	author	= "P. J. Hancox",
	title	= "A brief history of Natural Language Processing",
	year	= "2017",
	note	= "$<$Disponível em: \url{http://www.cs.bham.ac.uk/~pjh/sem1a5/pt1/pt1_history.html/}$>$. Acesso em: 02 de Abril de 2017."

}

@misc{alexa,
  author    = "{Alexa}",
  title     = "Alexa Top 500 Global Sites",
  year      = "2017",
  note      = "$<$Disponível em: \url{http://www.alexa.com/topsites/}$>$. Acesso em: 27 de Fevereiro de 2017."
}



@misc{OAuth2,
  author    = "{OAuth2}",
  title     = "OAuth2",
  year      = "2017",
  note      = "$<$Disponível em: \url{https://github.com/reddit/reddit/wiki/OAuth2}$>$. Acesso em: 24 de Abril de 2017."
}

@misc{reddit,
  author    = "{Reddit}",
  title     = "About Reddit",
  year      = "2017",
  note      = "$<$Disponível em: \url{https://about.reddit.com/}$>$. Acesso em: 27 de Fevereiro de 2017."
}

@misc{corenlp,
  author    = "{Stanford CoreNLP}",
  title     = "Stanford CoreNLP",
  year      = "2017",
  note      = "$<$Disponível em: \url{http://stanfordnlp.github.io/CoreNLP/}$>$. Acesso em: 27 de Fevereiro de 2017."
}


@misc{nltk,
  author    = "{Natural Language Toolkit}",
  title     = "Natural Language Toolkit",
  year      = "2017",
  note      = "$<$Disponível em: \url{http://www.nltk.org/}$>$. Acesso em: 27 de Fevereiro de 2017."
}


@misc{spacy,
  author    = "{Spacy}",
  title     = "Spacy",
  year      = "2017",
  note      = "$<$Disponível em: \url{https://spacy.io/}$>$. Acesso em: 27 de Fevereiro de 2017."
}

@misc{opennlp,
  author    = "{Apache OpenNLP}",
  title     = "Apache OpenNLP",
  year      = "2017",
  note      = "$<$Disponível em: \url{https://opennlp.apache.org/}$>$. Acesso em: 27 de Fevereiro de 2017."
}

@misc{jsonschema2pojo,
	author = "{JSON Schema 2 POJO}",
	title  = "JSON Schema 2 POJO",
	year   = "2017",
	note      = "$<$Disponível em: \url{http://www.jsonschema2pojo.org/}$>$. Acesso em: 27 de Maio de 2017."
}
@inproceedings{Brill:1992:SRP:974499.974526,
 author = {Brill, Eric},
 title = {A Simple Rule-based Part of Speech Tagger},
 booktitle = {Proceedings of the Third Conference on Applied Natural Language Processing},
 series = {ANLC '92},
 year = {1992},
 location = {Trento, Italy},
 pages = {152--155},
 numpages = {4},
 url = {http://dx.doi.org/10.3115/974499.974526},
 doi = {10.3115/974499.974526},
 acmid = {974526},
 publisher = {Association for Computational Linguistics},
 address = {Stroudsburg, PA, USA},
} 

@inproceedings{Loper:2002:NNL:1118108.1118117,
 author = {Loper, Edward and Bird, Steven},
 title = {NLTK: The Natural Language Toolkit},
 booktitle = {Proceedings of the ACL-02 Workshop on Effective Tools and Methodologies for Teaching Natural Language Processing and Computational Linguistics - Volume 1},
 series = {ETMTNLP '02},
 year = {2002},
 location = {Philadelphia, Pennsylvania},
 pages = {63--70},
 numpages = {8},
 url = {http://dx.doi.org/10.3115/1118108.1118117},
 doi = {10.3115/1118108.1118117},
 acmid = {1118117},
 publisher = {Association for Computational Linguistics},
 address = {Stroudsburg, PA, USA},
} 

@book{Manning:2008:IIR:1394399,
 author = {Manning, Christopher D. and Raghavan, Prabhakar and Sch\"{u}tze, Hinrich},
 title = {Introduction to Information Retrieval},
 year = {2008},
 isbn = {0521865719, 9780521865715},
 publisher = {Cambridge University Press},
 address = {New York, NY, USA},
} 

@article{Nigam:2000:TCL:347709.347724,
 author = {Nigam, Kamal and McCallum, Andrew Kachites and Thrun, Sebastian and Mitchell, Tom},
 title = {Text Classification from Labeled and Unlabeled Documents Using EM},
 journal = {Mach. Learn.},
 issue_date = {May-June 2000},
 volume = {39},
 number = {2-3},
 month = may,
 year = {2000},
 issn = {0885-6125},
 pages = {103--134},
 numpages = {32},
 url = {http://dx.doi.org/10.1023/A:1007692713085},
 doi = {10.1023/A:1007692713085},
 acmid = {347724},
 publisher = {Kluwer Academic Publishers},
 address = {Hingham, MA, USA},
 keywords = {Bayesian learning, Expectation-Maximization, combining labeled and unlabeled data, integrating supervised and unsupervised learning, text classification},
} 


@misc{SentimentinSocialMedia,
author = {Pålsson, A., and Szerszen, D.},
 title = {Sentiment Classification in Social Media: An Analysis of Methods and the Impact of Emoticon Removal (Dissertation)},
 year  = {2016}
}
@article{Hearst:1998:SVM:630302.630387,
 author = {Hearst, Marti A.},
 title = {Support Vector Machines},
 journal = {IEEE Intelligent Systems},
 issue_date = {July 1998},
 volume = {13},
 number = {4},
 month = jul,
 year = {1998},
 issn = {1541-1672},
 pages = {18--28},
 numpages = {11},
 url = {http://dx.doi.org/10.1109/5254.708428},
 doi = {10.1109/5254.708428},
 acmid = {630387},
 publisher = {IEEE Educational Activities Department},
 address = {Piscataway, NJ, USA},
} 
@article{Berger:1996:MEA:234285.234289,
 author = {Berger, Adam L. and Pietra, Vincent J. Della and Pietra, Stephen A. Della},
 title = {A Maximum Entropy Approach to Natural Language Processing},
 journal = {Comput. Linguist.},
 issue_date = {March 1996},
 volume = {22},
 number = {1},
 month = mar,
 year = {1996},
 issn = {0891-2017},
 pages = {39--71},
 numpages = {33},
 url = {http://dl.acm.org/citation.cfm?id=234285.234289},
 acmid = {234289},
 publisher = {MIT Press},
 address = {Cambridge, MA, USA},
} 

@inproceedings{Esuli2006sentiwordnet,
  added-at = {2009-01-29T21:09:18.000+0100},
  author = {Esuli, Andrea and Sebastiani, Fabrizio},
  biburl = {https://www.bibsonomy.org/bibtex/23e410e9b5d848e4e315b292253b6ed9d/hkorte},
  booktitle = {In Proceedings of the 5th Conference on Language Resources and Evaluation (LREC’06},
  interhash = {12da884807d2866aa148cde8b036d2c4},
  intrahash = {3e410e9b5d848e4e315b292253b6ed9d},
  keywords = {WordNet opinion_mining semantics},
  pages = {417--422},
  timestamp = {2009-01-29T21:09:18.000+0100},
  title = {SENTIWORDNET: A publicly available lexical resource for opinion mining},
  url = {SENTIWORDNET: A publicly available lexical resource for opinion mining},
  year = 2006
}

@book{Widenius:2002:MRM:560480,
 author = {Widenius, Michael and Axmark, Davis},
 editor = {DuBois, Paul},
 title = {Mysql Reference Manual},
 year = {2002},
 isbn = {0596002653},
 edition = {1st},
 publisher = {O'Reilly \& Associates, Inc.},
 address = {Sebastopol, CA, USA},
} 
@book{Iverson:2004:HJD:1044870,
 author = {Iverson, Will},
 title = {Hibernate: A J2EE(TM) Developer's Guide},
 year = {2004},
 isbn = {0321268199},
 publisher = {Addison-Wesley Professional},
} 